@book{adams1995hitchhiker,
  title={The Hitchhiker's Guide to the Galaxy},
  author={Adams, D.},
  isbn={9781417642595},
  url={http://books.google.com/books?id=W-xMPgAACAAJ},
  year={1995},
  publisher={San Val}
}

@inproceedings{runeson2012takes,
  title={It Takes Two to Tango--An Experience Report on Industry--Academia Collaboration},
  author={Runeson, Per},
  booktitle={Software Testing, Verification and Validation (ICST), 2012 IEEE Fifth International Conference on},
  pages={872--877},
  year={2012},
  organization={IEEE}
}

@inproceedings{michailidis,
  title={Intrusion detection using evolutionary neural networks},
  author={Michailidis, Emmanuel and Katsikas, Sokratis K and Georgopoulos, Efstratios},
  booktitle={Informatics, 2008. PCI'08. Panhellenic Conference on},
  pages={8--12},
  year={2008},
  organization={IEEE}
}
@inproceedings{gliu,
  title={An integrated intrusion detection system by using multiple neural networks},
  author={Liu, Guisong and Wang, Xiaobin},
  booktitle={Cybernetics and Intelligent Systems, 2008 IEEE Conference on},
  pages={22--27},
  year={2008},
  organization={IEEE}
}